<?xml version="1.0" encoding="UTF-8"?><collection xmlns="http://www.loc.gov/MARC21/slim"><record><leader>00512nam--2200181-i-4500</leader><controlfield tag="001">000046536</controlfield><controlfield tag="002">20161230</controlfield><controlfield tag="005">20161230201046</controlfield><controlfield tag="008">060222s1000------------r-----000-0-fre-d</controlfield><datafield ind1=" " ind2=" " tag="040"><subfield code="a">IFIN-HH</subfield></datafield><datafield ind1=" " ind2=" " tag="041"><subfield code="a">fre</subfield></datafield><datafield ind1=" " ind2=" " tag="080"><subfield code="a">537.61(043)</subfield></datafield><datafield ind1="1" ind2=" " tag="100"><subfield code="a">Villepin,Jacqueline De</subfield></datafield><datafield ind1="1" ind2="0" tag="245"><subfield code="a">Etude experimentale de l`anisotropie magnetique de la lisaison localisee</subfield><subfield code="b">These</subfield><subfield code="c">Jaqueline de villepin</subfield></datafield><datafield ind1=" " ind2=" " tag="260"><subfield code="a">Bordeaux</subfield><subfield code="b">Universite</subfield><subfield code="c">1963</subfield></datafield><datafield ind1=" " ind2=" " tag="300"><subfield code="a">69 P</subfield></datafield><datafield ind1=" " ind2=" " tag="852"><subfield code="a">78220</subfield><subfield code="c">537:538</subfield></datafield><datafield ind1=" " ind2=" " tag="CAT"><subfield code="a">Sys</subfield><subfield code="c">20110630</subfield><subfield code="h">092454</subfield></datafield></record></collection>